@misc{Deyoung11,
 author  = {DeYoung, Henry and Sch{\"u}rmann, Carsten},
 title   = {{L}inear {L}ogical {V}oting {P}rotocols},
 year   = {2011},
 url   = {http://en.wikipedia.org/wiki/Copyright\_infringement\_of\_software},
 note   = {[Online; accessed \today]}
}
